<record><leader>00000cas a2200000 a 4500</leader><controlfield tag="001">37346765</controlfield><controlfield tag="008">970724d193419uuoruwr ne      0    0eng c</controlfield><datafield ind1=" " ind2=" " tag="010"><subfield code="a">sn 96088071 </subfield></datafield><datafield ind1=" " ind2=" " tag="040"><subfield code="a">OCN</subfield><subfield code="b">eng</subfield><subfield code="c">OCN</subfield><subfield code="d">OCLCQ</subfield><subfield code="d">OCLCF</subfield><subfield code="d">OCLCO</subfield></datafield><datafield ind1="1" ind2=" " tag="029"><subfield code="a">AU@</subfield><subfield code="b">000013408204</subfield></datafield><datafield ind1=" " ind2=" " tag="042"><subfield code="a">pcc</subfield></datafield><datafield ind1=" " ind2=" " tag="043"><subfield code="a">n-us-or</subfield></datafield><datafield ind1="0" ind2="4" tag="245"><subfield code="a">The Coquille tribune.</subfield></datafield><datafield ind1=" " ind2=" " tag="260"><subfield code="a">Coquille, Or. :</subfield><subfield code="b">B.M. &amp; L.J. Kester,</subfield><subfield code="c">1934-</subfield></datafield><datafield ind1=" " ind2=" " tag="300"><subfield code="a">v.</subfield></datafield><datafield ind1=" " ind2=" " tag="310"><subfield code="a">Weekly</subfield></datafield><datafield ind1="0" ind2=" " tag="362"><subfield code="a">Vol. 7, no. 16 (July 27, 1934)-</subfield></datafield><datafield ind1=" " ind2=" " tag="588"><subfield code="a">Latest issue consulted: Vol. 18, no. 50 (Mar. 28, 1947).</subfield></datafield><datafield ind1=" " ind2="0" tag="651"><subfield code="a">Coquille (Or.)</subfield><subfield code="v">Newspapers.</subfield></datafield><datafield ind1=" " ind2="7" tag="655"><subfield code="a">Newspapers.</subfield><subfield code="2">fast</subfield><subfield code="0">(OCoLC)fst01423814</subfield></datafield><datafield ind1=" " ind2="7" tag="651"><subfield code="a">Oregon</subfield><subfield code="z">Coquille.</subfield><subfield code="2">fast</subfield><subfield code="0">(OCoLC)fst01221352</subfield></datafield><datafield ind1=" " ind2=" " tag="752"><subfield code="a">United States</subfield><subfield code="b">Oregon</subfield><subfield code="c">Coos</subfield><subfield code="d">Coquille.</subfield></datafield><datafield ind1="0" ind2="0" tag="780"><subfield code="t">Oregon Coos district courier</subfield><subfield code="w">(DLC)sn 96088070</subfield></datafield></record>